<?xml version="1.0" encoding="UTF-8"?>
<collection xmlns:xsi="http://www.w3.org/2001/XMLSchema-instance" xsi:schemaLocation="http://www.loc.gov/MARC21/slim http://www.loc.gov/standards/marcxml/schema/MARC21slim.xsd" xmlns="http://www.loc.gov/MARC21/slim">
<record>
  <leader>01333cam a22003371i 4500</leader>
  <controlfield tag="001">2596511</controlfield>
  <controlfield tag="003">NNC</controlfield>
  <controlfield tag="005">20100224194958.0</controlfield>
  <controlfield tag="008">921208s1970    iq       c   f000 0 ara d</controlfield>
  <datafield tag="035" ind1=" " ind2=" ">
    <subfield code="a">(OCoLC)27236285</subfield>
  </datafield>
  <datafield tag="035" ind1=" " ind2=" ">
    <subfield code="a">(OCoLC)ocm27236285</subfield>
  </datafield>
  <datafield tag="035" ind1=" " ind2=" ">
    <subfield code="9">AQT6080CU</subfield>
  </datafield>
  <datafield tag="035" ind1=" " ind2=" ">
    <subfield code="a">(NNC)2596511</subfield>
  </datafield>
  <datafield tag="040" ind1=" " ind2=" ">
    <subfield code="a">NN</subfield>
    <subfield code="c">NN</subfield>
  </datafield>
  <datafield tag="043" ind1=" " ind2=" ">
    <subfield code="a">a-iq---</subfield>
  </datafield>
  <datafield tag="066" ind1=" " ind2=" ">
    <subfield code="c">(3</subfield>
  </datafield>
  <datafield tag="090" ind1=" " ind2=" ">
    <subfield code="a">Z6621.B153</subfield>
    <subfield code="b">A71</subfield>
  </datafield>
  <datafield tag="110" ind1="2" ind2=" ">
    <subfield code="a">Jāmiʻat Baghdād.</subfield>
    <subfield code="b">Maktabah al-Markazīyah.</subfield>
  </datafield>
  <datafield tag="245" ind1="1" ind2="0">
    <subfield code="a">Fihrist al-makhṭūṭāt al-ʻArabīyah al-muṣawwarah fī al-ʻIrāq wa-al-majdūdah fī al-Maktabah al-Markazīyah li-Jāmiʻat Baghdād /</subfield>
    <subfield code="c">iʻdād Zāhidah Ibrāhīm.</subfield>
  </datafield>
  <datafield tag="260" ind1=" " ind2=" ">
    <subfield code="a">Baghdād :</subfield>
    <subfield code="b">Jāmiʻat Baghdād,</subfield>
    <subfield code="c">1970.</subfield>
  </datafield>
  <datafield tag="300" ind1=" " ind2=" ">
    <subfield code="a">133 p. ;</subfield>
    <subfield code="c">33 cm.</subfield>
  </datafield>
  <datafield tag="500" ind1=" " ind2=" ">
    <subfield code="a">In Arabic.</subfield>
  </datafield>
  <datafield tag="500" ind1=" " ind2=" ">
    <subfield code="a">At head of title: Jāmiʻat Baghdād. al-Maktabah al-Markazīyah. Qism al-Fahrasah wa-al-Taşnīf al-ʻArabī.</subfield>
  </datafield>
  <datafield tag="610" ind1="2" ind2="0">
    <subfield code="a">Jāmiʻat Baghdād.</subfield>
    <subfield code="b">Maktabah al-Markazīyah</subfield>
    <subfield code="v">Catalogs.</subfield>
  </datafield>
  <datafield tag="650" ind1=" " ind2="0">
    <subfield code="a">Manuscripts, Arabic</subfield>
    <subfield code="z">Iraq</subfield>
    <subfield code="z">Baghdad</subfield>
    <subfield code="v">Catalogs.</subfield>
  </datafield>
  <datafield tag="650" ind1=" " ind2="0">
    <subfield code="a">Manuscripts on microfilm</subfield>
    <subfield code="z">Iraq</subfield>
    <subfield code="z">Baghdad</subfield>
    <subfield code="v">Catalogs.</subfield>
  </datafield>
  <datafield tag="650" ind1=" " ind2="0">
    <subfield code="a">Microfilms, Arabic</subfield>
    <subfield code="z">Iraq</subfield>
    <subfield code="z">Baghdad</subfield>
    <subfield code="v">Catalogs.</subfield>
  </datafield>
  <datafield tag="650" ind1=" " ind2="0">
    <subfield code="a">Academic libraries</subfield>
    <subfield code="z">Iraq</subfield>
    <subfield code="z">Baghdad</subfield>
    <subfield code="v">Catalogs.</subfield>
  </datafield>
  <datafield tag="650" ind1=" " ind2="0">
    <subfield code="a">Libraries</subfield>
    <subfield code="z">Iraq</subfield>
    <subfield code="z">Baghdad</subfield>
    <subfield code="v">Catalogs.</subfield>
  </datafield>
  <datafield tag="700" ind1="1" ind2=" ">
    <subfield code="a">Ibrāhīm, Zāhidah.</subfield>
  </datafield>
  <datafield tag="955" ind1=" " ind2=" ">
    <subfield code="b">0036762849</subfield>
    <subfield code="d">glx</subfield>
    <subfield code="e">Z6621.B153 A71</subfield>
  </datafield>
</record>
</collection>